@misc{ wiki:licencia,
    author = "Wikipedia",
    title = "Licencia --- Wikipedia{,} The Free Encyclopedia",
    year = "2016",
    url = {https://es.wikipedia.org/w/index.php?title=Licencia&oldid=94243114},
    note = "[Online; Accedido 07-Enero-2017]"
}

@misc{ license:gplv3,
    author = "Free Software Foundation",
    title = "GNU General Public License v3.0",
    year = "2007",
    url = {https://www.gnu.org/licenses/gpl-3.0.txt},
    note = "[Online; Accedido 07-Enero-2017]"
}

@misc{ license:epl,
    author = "Eclipse Foundation",
    title = "Eclipse Public License (EPL)",
    year = "2004",
    url = {https://www.eclipse.org/legal/epl-v10.html},
    note = "[Online; Accedido 07-Enero-2017]"
}

@misc{ license:ccby4,
    author = "Creative Commons",
    title = "Attribution 4.0 International (CC BY 4.0)",
    year = "2016",
    url = {https://creativecommons.org/licenses/by/4.0/},
    note = "[Online; Accedido 07-Enero-2017]"
}

@misc{ ieee_830_1998,
    author = "IEEE",
	title = {{IEEE} {SA} - 830-1998 - {IEEE} {Recommended} {Practice} for {Software} {Requirements} {Specifications}},
	url = {https://standards.ieee.org/findstds/standard/830-1998.html},
	note = "[Online; Accedido 20-Enero-2017]"
}

@misc{ ss_cotizacion,
    author = "Ministerio de Empleo y Seguridad Social",
	title = {Bases y tipos de cotización 2016},
	url = {http://www.seg-social.es/Internet_1/Trabajadores/CotizacionRecaudaci10777/Basesytiposdecotiza36537/index.htm},
	note = "[Online; Accedido 20-Enero-2017]"
}

@misc{ pattern:mvp,
    author = "Martin Fowler",
	title = {GUI Architectures - MVC and MVP},
    year = "2006",
	url = {https://martinfowler.com/eaaDev/uiArchs.html},
	note = "[Online; Accedido 22-Enero-2017]"
}

@misc{ pattern:repository,
    author = "Martin Fowler, Edward Hieatt y Rob Mee",
	title = {Repository Pattern},
	url = {https://martinfowler.com/eaaCatalog/repository.html},
	note = "[Online; Accedido 22-Enero-2017]"
}

@misc{ pattern:android_architecture,
    author = "Jose Alcérreca, Stephan Linzner y Mustafa Kurtuldu",
	title = {Google en Android Architecture Blueprints},
	url = {https://github.com/googlesamples/android-architecture},
	note = "[Online; Accedido 22-Enero-2017]"
}

@misc{ wiki:injection,
    author = "Wikipedia",
    title = "Dependency injection --- Wikipedia{,} The Free Encyclopedia",
    year = "2016",
    url = {https://en.wikipedia.org/w/index.php?title=Dependency_injection&oldid=761366923},
    note = "[Online; Accedido 07-Enero-2017]"
}

@misc{ design:material,
    author = "Google",
	title = {Material design guidelines},
    year = "2014",
	url = {https://material.io/guidelines/},
	note = "[Online; Accedido 24-Enero-2017]"
}

